@misc {Sulcas2024PythonWebScraping,
   url = {https://oxylabs.io/blog/python-web-scraping},
   title = {Python Web Scraping Tutorial: Step-By-Step},
   year = {2024},
   author = {Sulcas, Adomas},
}

@misc {McGrath2024PythonWebScrapingT,
   url = {https://www.overleaf.com/read/ctqcnmhqkzjz#b37597},
   title = {Python Web Scraping Tutorial Report: COMP390},
   year = {2024},
   author = {McGrath, Alyanna},
}

@misc {Clarke2023JupyterNotebookvs,
   url = {https://www.techrepublic.com/article/jupyter-notebook-vs-pycharm/},
   author = {Clarke, Madeline},
   year = {2023},
   title = {Jupyter Notebook vs PyCharm: Software Comparison},
}

